<record><leader>00000cas a22000007i 4500</leader><controlfield tag="001">664156951</controlfield><controlfield tag="006">m     o  d        </controlfield><controlfield tag="007">cr |n|||||||||</controlfield><controlfield tag="008">090608d18821896azuwr neo     0   a0eng d</controlfield><datafield ind1=" " ind2=" " tag="010"><subfield code="a">  2014218255</subfield></datafield><datafield ind1=" " ind2=" " tag="040"><subfield code="a">NHM</subfield><subfield code="b">eng</subfield><subfield code="e">rda</subfield><subfield code="c">NHM</subfield><subfield code="d">CUI</subfield><subfield code="d">OCLCQ</subfield><subfield code="d">OCLCA</subfield><subfield code="d">DLC</subfield></datafield><datafield ind1="0" ind2=" " tag="022"><subfield code="a">2372-1030</subfield><subfield code="2">1</subfield></datafield><datafield ind1="1" ind2=" " tag="029"><subfield code="a">NZ1</subfield><subfield code="b">15700937</subfield></datafield><datafield ind1=" " ind2=" " tag="042"><subfield code="a">msc</subfield><subfield code="a">nsdp</subfield></datafield><datafield ind1=" " ind2=" " tag="043"><subfield code="a">n-us-az</subfield></datafield><datafield ind1="1" ind2="0" tag="050"><subfield code="a">ISSN RECORD</subfield></datafield><datafield ind1=" " ind2="4" tag="050"><subfield code="a">AN</subfield></datafield><datafield ind1="0" ind2="0" tag="082"><subfield code="a">071</subfield><subfield code="2">23</subfield></datafield><datafield ind1="0" ind2=" " tag="130"><subfield code="a">Weekly Phoenix herald (Online)</subfield></datafield><datafield ind1=" " ind2="0" tag="222"><subfield code="a">Weekly Phoenix herald</subfield><subfield code="b">(Online)</subfield></datafield><datafield ind1="1" ind2="0" tag="245"><subfield code="a">Weekly Phoenix herald.</subfield></datafield><datafield ind1="3" ind2=" " tag="246"><subfield code="a">Weekly herald</subfield></datafield><datafield ind1="3" ind2=" " tag="246"><subfield code="a">Herald</subfield></datafield><datafield ind1=" " ind2="1" tag="264"><subfield code="a">Phoenix, Maricopa County, Arizona Territory [Ariz.] :</subfield><subfield code="b">Gosper &amp; Morford,</subfield><subfield code="c">1882-1896.</subfield></datafield><datafield ind1=" " ind2=" " tag="300"><subfield code="a">1 online resource</subfield></datafield><datafield ind1=" " ind2=" " tag="310"><subfield code="a">Weekly</subfield></datafield><datafield ind1=" " ind2=" " tag="336"><subfield code="a">text</subfield><subfield code="b">txt</subfield><subfield code="2">rdacontent</subfield></datafield><datafield ind1=" " ind2=" " tag="337"><subfield code="a">computer</subfield><subfield code="b">c</subfield><subfield code="2">rdamedia</subfield></datafield><datafield ind1=" " ind2=" " tag="338"><subfield code="a">online resource</subfield><subfield code="b">cr</subfield><subfield code="2">rdacarrier</subfield></datafield><datafield ind1="1" ind2=" " tag="362"><subfield code="a">Began with vol. VIII, whole no. 914, new series no. 185 (September 22, 1882); ceased January 2, 1896.</subfield></datafield><datafield ind1=" " ind2=" " tag="515"><subfield code="a">Numbering is irregular.</subfield></datafield><datafield ind1=" " ind2=" " tag="530"><subfield code="a">Available on microfilm from the State Historical Society of Wisconsin and Recordak Corporation.</subfield></datafield><datafield ind1=" " ind2=" " tag="588"><subfield code="a">Description based on: Vol. VIII, whole no. 914, new series no. 185 (September 22, 1882); title from masthead (Chroniclingamerica.loc.gov, viewed April 9, 2014).</subfield></datafield><datafield ind1=" " ind2=" " tag="588"><subfield code="a">Latest issue consulted: New series, Vol. XII, no. 4 , whole no. 1933 (March 26, 1885) (Chroniclingamerica.loc.gov, viewed April 9, 2014).</subfield></datafield><datafield ind1=" " ind2="0" tag="651"><subfield code="a">Phoenix (Ariz.)</subfield><subfield code="v">Newspapers.</subfield></datafield><datafield ind1=" " ind2="0" tag="651"><subfield code="a">Maricopa County (Ariz.)</subfield><subfield code="v">Newspapers.</subfield></datafield><datafield ind1=" " ind2="0" tag="655"><subfield code="a">Electronic journals.</subfield></datafield><datafield ind1=" " ind2=" " tag="752"><subfield code="a">United States</subfield><subfield code="b">Arizona</subfield><subfield code="c">Maricopa</subfield><subfield code="d">Phoenix.</subfield></datafield><datafield ind1="0" ind2=" " tag="775"><subfield code="t">Daily Phoenix herald (Online)</subfield></datafield><datafield ind1="0" ind2=" " tag="775"><subfield code="t">Phoenix daily herald (Online)</subfield></datafield><datafield ind1="0" ind2=" " tag="775"><subfield code="t">Phoenix herald (Phoenix, Ariz. : 1879: Daily : Online)</subfield></datafield><datafield ind1="0" ind2="8" tag="776"><subfield code="i">Originally issued in print:</subfield><subfield code="t">Weekly Phoenix herald</subfield><subfield code="x">2372-1022</subfield><subfield code="w">(DLC)sn 83025459</subfield><subfield code="w">(OCoLC)9510527</subfield></datafield><datafield ind1="0" ind2="0" tag="780"><subfield code="t">Phoenix herald (Phoenix, Ariz. : 1879: Semiweekly : Online)</subfield></datafield><datafield ind1="0" ind2="0" tag="785"><subfield code="t">Phoenix weekly herald (Online)</subfield></datafield><datafield ind1="4" ind2=" " tag="856"><subfield code="u">http://gale.cengage.com/usnewspapers/</subfield><subfield code="z">Available to subscribing institutions</subfield></datafield><datafield ind1="4" ind2="0" tag="856"><subfield code="z">Full text available from America's Historical Newspapers, 1690-1922: 01/02/1896 to 06/22/1899</subfield><subfield code="u">http://libproxy.unh.edu/login?url=http://infoweb.newsbank.com/?db=EANX&amp;s_browseRef=decades/118C8A5B91849A98/all.xml</subfield></datafield><datafield ind1="4" ind2="0" tag="856"><subfield code="u">http://www.loc.gov/chroniclingamerica/lccn/sn83025459/issues</subfield></datafield></record>